<record><leader>00000cas a22000007a 4500</leader><controlfield tag="001">13213864</controlfield><controlfield tag="008">860228d19271989inudn ne      0    0eng d</controlfield><datafield ind1=" " ind2=" " tag="010"><subfield code="a">sn 86058328 </subfield></datafield><datafield ind1=" " ind2=" " tag="040"><subfield code="a">NPI</subfield><subfield code="b">eng</subfield><subfield code="c">NPI</subfield><subfield code="d">CRL</subfield><subfield code="d">OCLCQ</subfield><subfield code="d">OCLCF</subfield></datafield><datafield ind1=" " ind2=" " tag="042"><subfield code="a">msc</subfield></datafield><datafield ind1=" " ind2=" " tag="043"><subfield code="a">n-us-in</subfield></datafield><datafield ind1="0" ind2="4" tag="245"><subfield code="a">The Vidette-messenger.</subfield></datafield><datafield ind1=" " ind2=" " tag="260"><subfield code="a">Valparaiso, Ind. :</subfield><subfield code="b">Vidette Print. Co.,</subfield><subfield code="c">1927-1989.</subfield></datafield><datafield ind1=" " ind2=" " tag="300"><subfield code="a">63 v. :</subfield><subfield code="b">ill. ;</subfield><subfield code="c">58-61 cm.</subfield></datafield><datafield ind1=" " ind2=" " tag="310"><subfield code="a">Daily (except Sun.)</subfield></datafield><datafield ind1="0" ind2=" " tag="362"><subfield code="a">Vol. 1 (July 5, 1927)-v. 63, no 82 (Oct. 10, 1989).</subfield></datafield><datafield ind1=" " ind2=" " tag="500"><subfield code="a">"Independent Republican."</subfield></datafield><datafield ind1=" " ind2=" " tag="515"><subfield code="a">Initially issues carry a volume but no issue number designation.</subfield></datafield><datafield ind1=" " ind2="0" tag="651"><subfield code="a">Valparaiso (Ind.)</subfield><subfield code="v">Newspapers.</subfield></datafield><datafield ind1=" " ind2="0" tag="651"><subfield code="a">Porter County (Ind.)</subfield><subfield code="v">Newspapers.</subfield></datafield><datafield ind1=" " ind2="7" tag="655"><subfield code="a">Newspapers.</subfield><subfield code="2">fast</subfield><subfield code="0">(OCoLC)fst01423814</subfield></datafield><datafield ind1=" " ind2="7" tag="651"><subfield code="a">Indiana</subfield><subfield code="z">Porter County.</subfield><subfield code="2">fast</subfield><subfield code="0">(OCoLC)fst01215718</subfield></datafield><datafield ind1=" " ind2="7" tag="651"><subfield code="a">Indiana</subfield><subfield code="z">Valparaiso.</subfield><subfield code="2">fast</subfield><subfield code="0">(OCoLC)fst01210544</subfield></datafield><datafield ind1=" " ind2=" " tag="752"><subfield code="a">United States</subfield><subfield code="b">Indiana</subfield><subfield code="c">Porter</subfield><subfield code="d">Valparaiso.</subfield></datafield><datafield ind1="0" ind2="4" tag="780"><subfield code="t">Valparaiso daily vidette (Valparaiso, Ind. : 1911)</subfield><subfield code="w">(DLC)sn 86058333</subfield></datafield><datafield ind1="0" ind2="4" tag="780"><subfield code="t">Evening messenger (Valparaiso, Ind.)</subfield><subfield code="w">(DLC)sn 86058327</subfield></datafield><datafield ind1="0" ind2="0" tag="785"><subfield code="t">Vidette-messenger of Porter County</subfield><subfield code="w">(DLC)sn 95067514</subfield></datafield></record>